Automatically generated by Mendeley Desktop 1.19.8
Any changes to this file will be lost if it is regenerated by Mendeley.

BibTeX export options can be customized via Preferences -> BibTeX in Mendeley Desktop

@misc{lemur,
title = {{ADW: Home}},
url = {https://animaldiversity.org/},
urldate = {2023-06-12}
}
